<record><leader>00000cas a2200000 a 4500</leader><controlfield tag="001">56017604</controlfield><controlfield tag="006">m     o  d f      </controlfield><controlfield tag="007">cr anu||||||||</controlfield><controlfield tag="008">040726cuuuu9999mduwr n o    f0    0eng c</controlfield><datafield ind1=" " ind2=" " tag="010"><subfield code="a">  2004231906</subfield></datafield><datafield ind1=" " ind2=" " tag="040"><subfield code="a">GPO</subfield><subfield code="b">eng</subfield><subfield code="c">GPO</subfield><subfield code="d">OCLCQ</subfield><subfield code="d">OCLCF</subfield><subfield code="d">OCLCO</subfield><subfield code="d">OCLCQ</subfield></datafield><datafield ind1=" " ind2=" " tag="037"><subfield code="b">APG Public Affairs Office, AMSSB-GIM-P, APG, MD 21005-5001</subfield></datafield><datafield ind1=" " ind2=" " tag="042"><subfield code="a">pcc</subfield></datafield><datafield ind1=" " ind2=" " tag="043"><subfield code="a">n-us---</subfield><subfield code="a">n-us-md</subfield></datafield><datafield ind1=" " ind2=" " tag="074"><subfield code="a">0325-S-01 (online)</subfield></datafield><datafield ind1="0" ind2=" " tag="086"><subfield code="a">D 101.153:</subfield></datafield><datafield ind1="0" ind2=" " tag="130"><subfield code="a">APG news (Aberdeen, MD : 2000)</subfield></datafield><datafield ind1="1" ind2="0" tag="245"><subfield code="a">APG news.</subfield></datafield><datafield ind1=" " ind2=" " tag="260"><subfield code="a">Aberdeen Proving Ground, Md. :</subfield><subfield code="b">APG Public Affairs Office</subfield></datafield><datafield ind1=" " ind2=" " tag="310"><subfield code="a">Weekly</subfield></datafield><datafield ind1=" " ind2=" " tag="336"><subfield code="a">text</subfield><subfield code="b">txt</subfield><subfield code="2">rdacontent</subfield></datafield><datafield ind1=" " ind2=" " tag="337"><subfield code="a">computer</subfield><subfield code="b">c</subfield><subfield code="2">rdamedia</subfield></datafield><datafield ind1=" " ind2=" " tag="338"><subfield code="a">online resource</subfield><subfield code="b">cr</subfield><subfield code="2">rdacarrier</subfield></datafield><datafield ind1=" " ind2=" " tag="530"><subfield code="a">Also issued in print.</subfield></datafield><datafield ind1=" " ind2=" " tag="538"><subfield code="a">Mode of access: Internet at the Army APG news web site. Address as of 7/26/04: http://www.apgnews.apg.army.mil/; current access is available via PURL.</subfield></datafield><datafield ind1=" " ind2=" " tag="588"><subfield code="a">Description based on: Vol. 43, no. 38 (Sept. 21, 2000); title from caption (publisher's Web site, viewed on July 26, 2004).</subfield></datafield><datafield ind1=" " ind2="0" tag="650"><subfield code="a">Military bases</subfield><subfield code="z">Maryland</subfield><subfield code="v">Newspapers.</subfield></datafield><datafield ind1=" " ind2="0" tag="651"><subfield code="a">Aberdeen Proving Ground (Md.)</subfield><subfield code="v">Newspapers.</subfield></datafield><datafield ind1=" " ind2="7" tag="650"><subfield code="a">Military bases.</subfield><subfield code="2">fast</subfield><subfield code="0">(OCoLC)fst01020986</subfield></datafield><datafield ind1=" " ind2="7" tag="651"><subfield code="a">Maryland.</subfield><subfield code="2">fast</subfield><subfield code="0">(OCoLC)fst01204739</subfield></datafield><datafield ind1=" " ind2="7" tag="651"><subfield code="a">Maryland</subfield><subfield code="z">Aberdeen Proving Ground.</subfield><subfield code="2">fast</subfield><subfield code="0">(OCoLC)fst01203012</subfield></datafield><datafield ind1=" " ind2="7" tag="655"><subfield code="a">Newspapers.</subfield><subfield code="2">fast</subfield><subfield code="0">(OCoLC)fst01423814</subfield></datafield><datafield ind1="1" ind2=" " tag="710"><subfield code="a">Aberdeen Proving Ground (Md.).</subfield><subfield code="b">Public Affairs Office.</subfield></datafield><datafield ind1="4" ind2="0" tag="856"><subfield code="u">http://purl.access.gpo.gov/GPO/LPS48614</subfield></datafield><datafield ind1="1" ind2=" " tag="029"><subfield code="a">AU@</subfield><subfield code="b">000026071256</subfield></datafield></record>